<record><leader>00000cas a2200000 a 4500</leader><controlfield tag="001">8795520</controlfield><controlfield tag="008">820922d18511860causr ne      0   a0eng  </controlfield><datafield ind1=" " ind2=" " tag="010"><subfield code="a">sn 82014879 </subfield></datafield><datafield ind1=" " ind2=" " tag="040"><subfield code="a">DLC</subfield><subfield code="b">eng</subfield><subfield code="c">DLC</subfield><subfield code="d">NPU</subfield><subfield code="d">DLC</subfield><subfield code="d">NPX</subfield><subfield code="d">DLC</subfield><subfield code="d">NPX</subfield><subfield code="d">NPA</subfield><subfield code="d">PPM</subfield><subfield code="d">DLC</subfield><subfield code="d">YOX</subfield><subfield code="d">CNK</subfield><subfield code="d">MGN</subfield><subfield code="d">OCL</subfield><subfield code="d">DLC</subfield><subfield code="d">KRTAS</subfield><subfield code="d">OCLCO</subfield><subfield code="d">OCLCQ</subfield><subfield code="d">OCLCF</subfield><subfield code="d">OCLCO</subfield></datafield><datafield ind1="1" ind2=" " tag="029"><subfield code="a">AU@</subfield><subfield code="b">000025823205</subfield></datafield><datafield ind1=" " ind2=" " tag="042"><subfield code="a">pcc</subfield></datafield><datafield ind1=" " ind2=" " tag="043"><subfield code="a">n-us-ca</subfield></datafield><datafield ind1="0" ind2="0" tag="050"><subfield code="a">Newspaper 7164</subfield></datafield><datafield ind1="0" ind2=" " tag="130"><subfield code="a">San Francisco herald (San Francisco, Calif. : 1851)</subfield></datafield><datafield ind1="1" ind2="4" tag="245"><subfield code="a">The San Francisco herald.</subfield></datafield><datafield ind1="1" ind2=" " tag="246"><subfield code="i">Issue for Oct. 4, 1851 published as:</subfield><subfield code="a">San Francisco daily herald</subfield></datafield><datafield ind1="1" ind2="3" tag="246"><subfield code="a">Steamer herald</subfield></datafield><datafield ind1="1" ind2="7" tag="246"><subfield code="a">San Francisco herald for the steamer</subfield></datafield><datafield ind1=" " ind2=" " tag="250"><subfield code="a">Steamer ed.</subfield></datafield><datafield ind1=" " ind2=" " tag="260"><subfield code="a">San Francisco, Calif. :</subfield><subfield code="b">Nugent &amp; Co.</subfield></datafield><datafield ind1=" " ind2=" " tag="300"><subfield code="a">v.</subfield></datafield><datafield ind1=" " ind2=" " tag="310"><subfield code="a">Semimonthly</subfield></datafield><datafield ind1="1" ind2=" " tag="362"><subfield code="a">Began in 1851; ceased Apr. 4, 1860.</subfield></datafield><datafield ind1=" " ind2=" " tag="500"><subfield code="a">Issue for Oct. 4, 1851 published as: San Francisco daily herald.</subfield></datafield><datafield ind1=" " ind2=" " tag="500"><subfield code="a">Publishers: Nugent &amp; Co., &lt;1851&gt;; John Nugent, &lt;1853&gt;.</subfield></datafield><datafield ind1=" " ind2=" " tag="500"><subfield code="a">"For circulation in the Atlantic States, Europe, South America, Sandwich Islands, Australia, and Islands of the Pacific."</subfield></datafield><datafield ind1=" " ind2=" " tag="500"><subfield code="a">Masthead of each issue for &lt;1859&gt; has the name(s)--of the packet(s) which carried that issue.</subfield></datafield><datafield ind1=" " ind2=" " tag="530"><subfield code="a">Available on microfilm from the Library of Congress, Photoduplication Service.</subfield></datafield><datafield ind1=" " ind2=" " tag="580"><subfield code="a">Daily eds.: San Francisco daily herald (San Francisco, Calif. : 1850); San Francisco herald (San Francisco, Calif. : 1856).</subfield></datafield><datafield ind1=" " ind2=" " tag="588"><subfield code="a">Description based on: May 1, 1851.</subfield></datafield><datafield ind1=" " ind2="0" tag="651"><subfield code="a">San Francisco (Calif.)</subfield><subfield code="v">Newspapers.</subfield></datafield><datafield ind1=" " ind2="7" tag="655"><subfield code="a">Newspapers.</subfield><subfield code="2">fast</subfield><subfield code="0">(OCoLC)fst01423814</subfield></datafield><datafield ind1=" " ind2="7" tag="651"><subfield code="a">California</subfield><subfield code="z">San Francisco.</subfield><subfield code="2">fast</subfield><subfield code="0">(OCoLC)fst01204481</subfield></datafield><datafield ind1=" " ind2=" " tag="752"><subfield code="a">United States</subfield><subfield code="b">California</subfield><subfield code="c">San Francisco</subfield><subfield code="d">San Francisco.</subfield></datafield><datafield ind1="0" ind2=" " tag="775"><subfield code="t">San Francisco weekly herald</subfield><subfield code="w">(DLC)sn 84027229</subfield><subfield code="w">(OCoLC)11022188</subfield></datafield><datafield ind1="1" ind2=" " tag="775"><subfield code="t">San Francisco daily herald (San Francisco, Calif. : 1850)</subfield><subfield code="w">(DLC)sn 82016461</subfield><subfield code="w">(OCoLC)9346409</subfield></datafield><datafield ind1="1" ind2=" " tag="775"><subfield code="t">San Francisco herald (San Francisco, Calif. : 1856)</subfield><subfield code="w">(DLC)sn 85042112</subfield><subfield code="w">(OCoLC)11793213</subfield></datafield><datafield ind1="0" ind2="0" tag="780"><subfield code="t">San Francisco daily herald (San Francisco, Calif. : Steamer)</subfield><subfield code="w">(DLC)sn 85025309</subfield><subfield code="w">(OCoLC)11638657</subfield></datafield><datafield ind1=" " ind2=" " tag="938"><subfield code="a">Kirtas Technologies, Inc.</subfield><subfield code="b">KRTS</subfield><subfield code="n">736006</subfield></datafield></record>